<?xml version="1.0" encoding="UTF-8"?><collection xmlns="http://www.loc.gov/MARC21/slim"><record><leader>00379nam--2200109-i-4500</leader><controlfield tag="001">000006170</controlfield><controlfield tag="002">20161230</controlfield><controlfield tag="005">20161230201026</controlfield><controlfield tag="008">060222s1000------------r-----000-0-eng-d</controlfield><datafield ind1=" " ind2=" " tag="245"><subfield code="a">Abstracts of scientific papers presented at the xviiith international congress of pure and applied chemistry. montreal, 1961</subfield></datafield><datafield ind1=" " ind2=" " tag="260"><subfield code="a">Toronto, University Of Toronto Press, 1961 V+290 P</subfield></datafield><datafield ind1=" " ind2=" " tag="852"><subfield code="a">18298</subfield></datafield></record></collection>